@online{MPP,
    title = {Maraton of Paraellel Programming},
    url = {http://lspd.mackenzie.br/marathon/}
}

@online{BitonicSort,
    title = {10th Maraton of Paraellel Programming Problem Set},
    url = {http://lspd.mackenzie.br/marathon/15/problems.html}
}
